<?xml version="1.0" encoding="UTF-8"?><record xmlns="http://www.loc.gov/MARC21/slim" xmlns:cinclude="http://apache.org/cocoon/include/1.0" xmlns:zs="http://www.loc.gov/zing/srw/">
  <leader>00628nz  a2200181n  4500</leader>
  <controlfield tag="001">n 2014185635</controlfield>
  <controlfield tag="003">DLC</controlfield>
  <controlfield tag="005">20140617044104.0</controlfield>
  <controlfield tag="008">140617n| azannaabn          |a aaa      </controlfield>
  <datafield tag="010" ind1=" " ind2=" ">
    <subfield code="a">n 2014185635</subfield>
  </datafield>
  <datafield tag="035" ind1=" " ind2=" ">
    <subfield code="a">(DNLM)1616667</subfield>
  </datafield>
  <datafield tag="040" ind1=" " ind2=" ">
    <subfield code="a">DNLM</subfield>
    <subfield code="b">eng</subfield>
    <subfield code="e">rda</subfield>
    <subfield code="c">DNLM</subfield>
  </datafield>
  <datafield tag="100" ind1="1" ind2=" ">
    <subfield code="a">Skog, K.</subfield>
    <subfield code="q">(Kerstin)</subfield>
  </datafield>
  <datafield tag="370" ind1=" " ind2=" ">
    <subfield code="f">Lund (Sweden)</subfield>
    <subfield code="2">naf</subfield>
  </datafield>
  <datafield tag="373" ind1=" " ind2=" ">
    <subfield code="a">Lunds universitet</subfield>
    <subfield code="2">naf</subfield>
  </datafield>
  <datafield tag="378" ind1=" " ind2=" ">
    <subfield code="q">Kerstin</subfield>
  </datafield>
  <datafield tag="400" ind1="1" ind2=" ">
    <subfield code="a">Skog, Kerstin</subfield>
  </datafield>
  <datafield tag="670" ind1=" " ind2=" ">
    <subfield code="a">Acrylamide and other hazardous compounds in heat-treated foods, 2006:</subfield>
    <subfield code="b">t.p. (K. Skog) p. xiii (Dr. K. Skog; Applied Nurtrition and Food Chemistry, Lund University, Lund, Sweden; Kerstin.Skog@inl.lth.se)</subfield>
  </datafield>
</record>